% Ejemplo de artículo de conferencia
@inproceedings{borrego2019,
  title={Generating Rules to Filter Candidate Triples for their Correctness Checking by Knowledge Graph Completion Techniques},
  author={Agust{\'i}n Borrego and Daniel Ayala and Inma Hern{\'a}ndez and Carlos R. Rivero and David Ruiz},
  booktitle={{K-CAP}},
  pages={115--122},
  year={2019},
  doi={10.1145/3360901.3364418},
}

% Ejemplo de artículo de revista
@article{borrego2021,
  author    = {Agust{\'i}n Borrego and Daniel Ayala and Inma Hern{\'a}ndez and Carlos R. Rivero and David Ruiz},
  title     = {{CAFE:} {K}nowledge graph completion using neighborhood-aware features},
  journal   = {Eng. Appl. Artif. Intell.},
  volume    = {103},
  pages     = {104302},
  year      = {2021},
  url       = {https://doi.org/10.1016/j.engappai.2021.104302},
  doi       = {10.1016/j.engappai.2021.104302},
}

%% DEFINITIVE BIB %%

@misc{webETSIIT,
  title={Página principal de la Escuela Técnica Superior de Ingeniería Informática e Ingeniería en Tecnologías de Telecomunicación},
  author={Universidad de Granada},
  year={2025},
  url={https://etsiit.ugr.es/}
}

@misc{webGrados,
  title={Página principal de Grados UGR},
  author={Universidad de Granada},
  year={2025},
  url={https://grados.ugr.es/}
}

@misc{webDecsai,
  title={Página principal del departamento de Ciencias de la Computación e Inteligencia Artificial},
  author={Universidad de Granada},
  year={2025},
  url={https://decsai.ugr.es/}
}

@misc{webSecretaria,
  title={Página principal de la Secretaría General de la Universidad de Granada},
  author={Universidad de Granada},
  year={2025},
  url={https://secretariageneral.ugr.es}
}

@misc{webModernCampus,
  title={Página principal de Modern Campus},
  author={Modern Campus},
  year={2025},
  url={https://moderncampus.com/products/student-schedule-optimization.html}
}

@techreport{rfc7231,
  author      = {Fielding, Roy and Reschke, Julian},
  title       = {Hypertext Transfer Protocol (HTTP/1.1): Semantics and Content},
  year        = {2014},
  month       = {June},
  publisher   = {Internet Engineering Task Force},
  institution = {Internet Engineering Task Force},
  type        = {RFC},
  number      = {7231},
  doi         = {10.17487/RFC7231},
  url         = {https://datatracker.ietf.org/doc/html/rfc7231},
}

@techreport{rfc1738,
  author      = {Berners-Lee, Tim and Masinter, Larry and McCahill, Mark},
  title       = {Uniform Resource Locators (URL)},
  year        = {1994},
  month       = {December},
  publisher   = {Internet Engineering Task Force},
  institution = {Internet Engineering Task Force},
  type        = {RFC},
  number      = {1738},
  doi         = {10.17487/RFC1738},
  url         = {https://datatracker.ietf.org/doc/html/rfc1738},
}

@misc{atlassian_user_stories,
  author       = {Atlassian},
  title        = {Historias de usuario},
  year         = 2024,
  url          = {https://www.atlassian.com/es/agile/project-management/user-stories},
}